<record><leader>00000cas a2200000 a 4500</leader><controlfield tag="001">33974877</controlfield><controlfield tag="008">951229d18541855fluwr ne      0    0eng c</controlfield><datafield ind1=" " ind2=" " tag="010"><subfield code="a">sn 95047461 </subfield></datafield><datafield ind1=" " ind2=" " tag="040"><subfield code="a">FUG</subfield><subfield code="b">eng</subfield><subfield code="c">FUG</subfield><subfield code="d">OCL</subfield><subfield code="d">OCLCQ</subfield><subfield code="d">OCLCF</subfield><subfield code="d">OCLCO</subfield></datafield><datafield ind1=" " ind2=" " tag="012"><subfield code="i">9512</subfield></datafield><datafield ind1="1" ind2=" " tag="029"><subfield code="a">AU@</subfield><subfield code="b">000012146361</subfield></datafield><datafield ind1=" " ind2=" " tag="042"><subfield code="a">pcc</subfield></datafield><datafield ind1=" " ind2=" " tag="043"><subfield code="a">n-us-fl</subfield></datafield><datafield ind1="0" ind2="4" tag="245"><subfield code="a">The Tampa herald.</subfield></datafield><datafield ind1=" " ind2=" " tag="260"><subfield code="a">Tampa, Fla. :</subfield><subfield code="b">DeWitt Smith &amp; C.S. Reynolds</subfield></datafield><datafield ind1=" " ind2=" " tag="300"><subfield code="a">v.</subfield></datafield><datafield ind1=" " ind2=" " tag="310"><subfield code="a">Weekly</subfield></datafield><datafield ind1="1" ind2=" " tag="362"><subfield code="a">Began in 1854; ceased in 1855.</subfield></datafield><datafield ind1=" " ind2=" " tag="500"><subfield code="a">"Independent."</subfield></datafield><datafield ind1=" " ind2=" " tag="500"><subfield code="a">Editor:James S. Jones, &lt;1855&gt;.</subfield></datafield><datafield ind1=" " ind2=" " tag="500"><subfield code="a">Publisher: Thad. C. Andrews, &lt;1855&gt;.</subfield></datafield><datafield ind1=" " ind2=" " tag="588"><subfield code="a">Description based on: Vol. 1, no. 7 (Feb. 22, 1854).</subfield></datafield><datafield ind1=" " ind2=" " tag="588"><subfield code="a">Latest issue consulted: Vol. 2, no. 2 (Feb. 17, 1855).</subfield></datafield><datafield ind1=" " ind2="0" tag="651"><subfield code="a">Tampa (Fla.)</subfield><subfield code="v">Newspapers.</subfield></datafield><datafield ind1=" " ind2="0" tag="651"><subfield code="a">Hillsborough County (Fla.)</subfield><subfield code="v">Newspapers.</subfield></datafield><datafield ind1=" " ind2="7" tag="655"><subfield code="a">Newspapers.</subfield><subfield code="2">fast</subfield><subfield code="0">(OCoLC)fst01423814</subfield></datafield><datafield ind1=" " ind2="7" tag="651"><subfield code="a">Florida</subfield><subfield code="z">Hillsborough County.</subfield><subfield code="2">fast</subfield><subfield code="0">(OCoLC)fst01210214</subfield></datafield><datafield ind1=" " ind2="7" tag="651"><subfield code="a">Florida</subfield><subfield code="z">Tampa.</subfield><subfield code="2">fast</subfield><subfield code="0">(OCoLC)fst01206282</subfield></datafield><datafield ind1=" " ind2=" " tag="752"><subfield code="a">United States</subfield><subfield code="b">Florida</subfield><subfield code="c">Hillsborough</subfield><subfield code="d">Tampa.</subfield></datafield><datafield ind1="0" ind2="0" tag="785"><subfield code="t">Florida peninsular</subfield><subfield code="w">(DLC)sn 84027568</subfield><subfield code="w">(OCoLC)11286473</subfield></datafield><datafield ind1=" " ind2=" " tag="850"><subfield code="a">FU</subfield></datafield></record>